01REMESSA01COBRANCA       723700212084        AMEPLAN ASSIST.MED.PLAN.S/C   34100BANCO ITAU SA230120                                                                                                                                                                                                                                                                                                      000001
10217855955000123723700212084    0000                         033382040000000000000109                     I01033382045 05022000000002563203410000001N230120009400000000005120000000000000000000000000000000000000000000000203718084000191AUTO ESCOLA ELLUS LTDA - ME     -----   AVENIDA INOCENCIO SERAFICO 439          CENTRO      06320290CARAPICUIBA    SPAPOS VENCIMENTO MULTA DE 2%       05022003 000002
10217855955000123723700212084    0000                         033382050000000000000109                     I01033382052 05022000000000782703410000001N230120009400000000001560000000000000000000000000000000000000000000000248692685000100CENTRO DE FORMACAO DE CONDUTOR qqqqqqqqqAVENIDA PAULO GUILGUER REIMBERG 1170    PARQUE MARIA04858570SÃO PAULO      SPAPOS VENCIMENTO MULTA DE 2%       05022003 000003
10217855955000123723700212084    0000                         033382060000000000000109                     I01033382060 05022000000016244673410000001N230120009400000000032480000000000000000000000000000000000000000000000204208060000155ESCOLA DE ENSINO FUNDAMENTAL P          AVENIDA MATIAS BECK 437                 JARDIM PRIMA04812180SÃO PAULO      SPAPOS VENCIMENTO MULTA DE 2%       05022003 000004
10217855955000123723700212084    0000                         033382070000000000000109                     I01033382078 05022000000000205203410000001N230120009400000000000410000000000000000000000000000000000000000000000220793992000169EDUARDO APARECIDO DE ALBUQUERQ          RUA CORONEL JOAO CABANAS 331            JARDIM BELCI04855100SÃO PAULO      SPAPOS VENCIMENTO MULTA DE 2%       05022003 000005
10217855955000123723700212084    0000                         033382080000000000000109                     I01033382086 05022000000000762243410000001N230120009400000000001520000000000000000000000000000000000000000000000210268699000129CENTRO DE FORMACAO DE CONDUTOR          AV SENADOR TEOTONIO VILELA 1607         CIDADE DUTRA04801010SÃO PAULO      SPAPOS VENCIMENTO MULTA DE 2%       05022003 000006
10217855955000123723700212084    0000                         033382090000000000000109                     I01033382094 05022000000000737983410000001N230120009400000000001470000000000000000000000000000000000000000000000218295856000105ZEP CENTRO DE FROMACAO DE COND          RUA MARIA CANDIDA 1070                  VILA GUILHER02071002SÃO PAULO      SPAPOS VENCIMENTO MULTA DE 2%       05022003 000007
10217855955000123723700212084    0000                         033382100000000000000109                     I01033382102 05022000000003860743410000001N230120009400000000007720000000000000000000000000000000000000000000000260261856000142CENTRO DE FORMACAO DE CONDUTOR          RUA CORONEL CARLOS AMBROGI 441          JARDIM SAO J02969130SÃO PAULO      SPAPOS VENCIMENTO MULTA DE 2%       05022003 000008
9                                                                                                                                                                                                                                                                                                                                                                                                         000009
